<?xml version="1.0" encoding="UTF-8"?><collection xmlns="http://www.loc.gov/MARC21/slim"><record><leader>00560nam--2200169-i-4500</leader><controlfield tag="001">000017239</controlfield><controlfield tag="002">20161230</controlfield><controlfield tag="005">20161230201032</controlfield><controlfield tag="008">060222s1000------------r-----000-0-eng-d</controlfield><datafield ind1=" " ind2=" " tag="040"><subfield code="a">IFIN-HH</subfield></datafield><datafield ind1=" " ind2=" " tag="080"><subfield code="a">53(061.3)</subfield></datafield><datafield ind1="1" ind2=" " tag="100"><subfield code="a">Paraskevopoulos, K.M</subfield></datafield><datafield ind1="1" ind2="0" tag="245"><subfield code="a">Proceedings of the 1st general conference of the balkan physical union. september 26-28, 1991 thessaloniki, greece. vol. i</subfield><subfield code="c">K.m. paraskevopoulos (ed.)</subfield></datafield><datafield ind1=" " ind2=" " tag="260"><subfield code="a">Thessaloniki Branch</subfield><subfield code="b">Hellenic Physical Society</subfield><subfield code="c">1992</subfield></datafield><datafield ind1=" " ind2=" " tag="300"><subfield code="a">XX+546P</subfield></datafield><datafield ind1=" " ind2=" " tag="852"><subfield code="a">80140</subfield><subfield code="c">53</subfield></datafield><datafield ind1=" " ind2=" " tag="CAT"><subfield code="a">Sys</subfield><subfield code="c">20151009</subfield><subfield code="h">102756</subfield></datafield></record></collection>